


@article{ghysels2007midas,
  title={MIDAS regressions: Further results and new directions},
  author={Ghysels, Eric and Sinko, Arthur and Valkanov, Rossen},
  journal={Econometric reviews},
  volume={26},
  number={1},
  pages={53--90},
  year={2007},
  publisher={Taylor \& Francis}
}



@article{varian2014big,
  title={Big data: New tricks for econometrics},
  author={Varian, Hal R},
  journal={Journal of Economic Perspectives},
  volume={28},
  number={2},
  pages={3--28},
  year={2014}
}



@article{kuzin2011midas,
  title={MIDAS vs. mixed-frequency VAR: Nowcasting GDP in the euro area},
  author={Kuzin, Vladimir and Marcellino, Massimiliano and Schumacher, Christian},
  journal={International Journal of Forecasting},
  volume={27},
  number={2},
  pages={529--542},
  year={2011},
  publisher={Elsevier}
}


@article{primiceri2005time,
  title={Time varying structural vector autoregressions and monetary policy},
  author={Primiceri, Giorgio E},
  journal={The Review of Economic Studies},
  volume={72},
  number={3},
  pages={821--852},
  year={2005},
  publisher={Wiley-Blackwell}
}



@article{black1976pricing,
  title={The pricing of commodity contracts},
  author={Black, Fischer},
  journal={Journal of financial economics},
  volume={3},
  number={1-2},
  pages={167--179},
  year={1976},
  publisher={Elsevier}
}

@article{nakajima2011time,
  title={Time-varying parameter VAR model with stochastic volatility: An overview of methodology and empirical applications},
  author={Nakajima, Jouchi and others},
  year={2011},
  publisher={Institute for Monetary and Economic Studies, Bank of Japan Tokyo, Japan}
}

@book{koop2010bayesian,
  title={Bayesian multivariate time series methods for empirical macroeconomics},
  author={Koop, Gary and Korobilis, Dimitris},
  year={2010},
  publisher={Now Publishers Inc}
}

@article{sims1980macroeconomics,
  title={Macroeconomics and reality},
  author={Sims, Christopher A},
  journal={Econometrica: journal of the Econometric Society},
  pages={1--48},
  year={1980},
  publisher={JSTOR}
}

@article{koop2016bayesian,
  title={Bayesian methods for fat data},
  author={Koop, Gary},
  journal={Manuscript available at: garykoop/research},
  year={2016}
}

@article{koop2012forecasting,
  title={Forecasting inflation using dynamic model averaging},
  author={Koop, Gary and Korobilis, Dimitris},
  journal={International Economic Review},
  volume={53},
  number={3},
  pages={867--886},
  year={2012},
  publisher={Wiley Online Library}
}

@article{koop2013large,
  title={Large time-varying parameter VARs},
  author={Koop, Gary and Korobilis, Dimitris},
  journal={Journal of Econometrics},
  volume={177},
  number={2},
  pages={185--198},
  year={2013},
  publisher={Elsevier}
}

@article{koop2017bayesian,
  title={Bayesian methods for empirical macroeconomics with big data},
  author={Koop, Gary},
  journal={Review of Economic Analysis},
  volume={9},
  number={1},
  pages={33--56},
  year={2017}
}


@article{koop2020bayesian,
  title={Bayesian dynamic variable selection in high dimensions},
  author={Koop, Gary and Korobilis, Dimitris},
  journal={Available at SSRN 3246472},
  year={2020}
}

@article{banbura2010large,
  title={Large Bayesian vector auto regressions},
  author={Ba{\'n}bura, Marta and Giannone, Domenico and Reichlin, Lucrezia},
  journal={Journal of applied Econometrics},
  volume={25},
  number={1},
  pages={71--92},
  year={2010},
  publisher={Wiley Online Library}
}


@article{giannone2015prior,
  title={Prior selection for vector autoregressions},
  author={Giannone, Domenico and Lenza, Michele and Primiceri, Giorgio E},
  journal={Review of Economics and Statistics},
  volume={97},
  number={2},
  pages={436--451},
  year={2015},
  publisher={The MIT Press}
}

@article{koop2019forecasting,
  title={Forecasting with high-dimensional panel VARs},
  author={Koop, Gary and Korobilis, Dimitris},
  journal={Oxford Bulletin of Economics and Statistics},
  volume={81},
  number={5},
  pages={937--959},
  year={2019},
  publisher={Wiley Online Library}
}


@incollection{chan2020large,
  title={Large Bayesian vector autoregressions},
  author={Chan, Joshua CC},
  booktitle={Macroeconomic Forecasting in the Era of Big Data},
  pages={95--125},
  year={2020},
  publisher={Springer}
}

@article{chan2018bayesian,
  title={Bayesian model comparison for time-varying parameter VARs with stochastic volatility},
  author={Chan, Joshua CC and Eisenstat, Eric},
  journal={Journal of Applied Econometrics},
  volume={33},
  number={4},
  pages={509--532},
  year={2018},
  publisher={Wiley Online Library}
}

@article{cooley1985atheoretical,
  title={Atheoretical macroeconometrics: a critique},
  author={Cooley, Thomas F and LeRoy, Stephen F},
  journal={Journal of Monetary Economics},
  volume={16},
  number={3},
  pages={283--308},
  year={1985},
  publisher={Elsevier}
}

@article{raftery2010online,
  title={Online prediction under model uncertainty via dynamic model averaging: Application to a cold rolling mill},
  author={Raftery, Adrian E and K{\'a}rn{\`y}, Miroslav and Ettler, Pavel},
  journal={Technometrics},
  volume={52},
  number={1},
  pages={52--66},
  year={2010},
  publisher={Taylor \& Francis}
}

@book{andersson2008bayesian,
  title={Bayesian forecast combination for VAR models},
  author={Andersson, Michael K and Karlsson, Sune},
  year={2008},
  publisher={Emerald Group Publishing Limited}
}

@article{karlsson2013forecasting,
  title={Forecasting with Bayesian vector autoregression},
  author={Karlsson, Sune},
  journal={Handbook of economic forecasting},
  volume={2},
  pages={791--897},
  year={2013},
  publisher={Elsevier}
}